@misc{PHIPA,
    key = {Personal Health Information Protection Act, 2004},
    note = {S.O. 2004, CHAPTER 3}
}

@misc{OLA,
 key = {Official Languages Act}
}
